@manual{sample,
  organization = {TU Dortmund, Fakultät Physik},
  title = {Versuch zum Literaturverzeichnis},
  year = 2014,
  author = {Unknown}
}
@manual{v353,
  organization = {TU Dortmund, Fakultät Physik},
  title = {Das Relaxationsverhalten eines RC-Kreises},
  author = {Unknown}
}
@manual{v107,
  organization = {TU Dortmund, Fakultät Physik},
  title = {Versuch V107: Das Kugelfall-Viskosimeter nach Höppler},
  author = {Unknown}
}
@manual{v103,
  organization = {TU Dortmund, Fakultät Physik},
  title = {Versuch V103: Biegung elastischer Stäbe},
  author = {Unknown}
}
@manual{v204,
  organization = {TU Dortmund, Fakultät Physik},
  title = {Versuch V204: Wärmeleitung},
  author = {Unknown}
}
@manual{v303,
  organization = {TU Dortmund, Fakultät Physik},
  title = {Versuch V303: Der Lock-In-Verstärker}
}
@manual{v354,
  organization = {TU Dortmund, Fakultät Physik},
  title = {Versuch V354: Gedämpfte und erzwungene Schwingungen}
}
@manual{v203,
  organization = {TU Dortmund, Fakultät Physik},
  title = {Versuch V203: Verdampfungswärme und Dampfdruck-Kurve}
}
@manual{v106,
  organization = {TU Dortmund, Fakultät Physik},
  title = {Versuch V106: Gekoppelte Pendel}
}
@manual{US1,
  organization = {TU Dortmund, Fakultät Physik},
  title = {Versuch US1: Einführung in die Ultraschalltechnik}
}
@manual{US2,
  organization = {TU Dortmund, Fakultät Physik},
  title = {Versuch US1: Einführung in die Ultraschalltechnik}
}
@manual{v601,
  organization = {TU Dortmund, Fakultät Physik},
  title = {Versuch V601: Der Franck-Hertz-Versuch}
}
@manual{v602,
  organization = {TU Dortmund, Fakultät Physik},
  title = {Versuch V602: Röntgenemission und -absorption}
}
@manual{v500,
  organization = {TU Dortmund, Fakultät Physik},
  title = {Versuch V500: Der Photoeffekt}
}
@manual{v503,
  organization = {TU Dortmund, Fakultät Physik},
  title = {Versuch V503: Der Millikan-Öltröpfenversuch}
}
@manual{v400,
  organization = {TU Dortmund, Fakultät Physik},
  title = {Versuch V400: Reflexion, Brechung und Beugung}
}
@manual{v401,
  organization = {TU Dortmund, Fakultät Physik},
  title = {Versuch V401: Das Michelson-Interferometer}
}
@manual{v702,
  organization = {TU Dortmund, Fakultät Physik},
  title = {Versuch V702: Aktivierung mit Neutronen}
}
@manual{v704,
  organization = {TU Dortmund, Fakultät Physik},
  title = {Versuch V704: Absorption von Beta- und Gammastrahlung}
}
@manual{v407,
  organization = {TU Dortmund, Fakultät Physik},
  title = {Versuch V407: Fresnelsche Formeln}
}
@manual{v703,
  organization = {TU Dortmund, Fakultät Physik},
  title = {Versuch V703: Das Geiger-Müller-Zählrohr}
}
@book{czichos,
  title = {HÜTTE - Das Ingenieurwissen},
  author = {Czichos, Horst and Hennecke, Manfred},
  organization = {Akademischer Verein Hütte e.V},
  year = 2008,
  isbn = 9783540718512,
  publisher = {Springer}
}
@online{dichte,
  author = {U.S. Secretary of Commerce},
  title = {Thermophysical Properties of Fluid Systems},
  year = 2021,
  url = {https://webbook.nist.gov/chemistry/fluid/},
  urldate = {2021-11-28}
}
@online{c_Acryl,
  author = {Olympus Corporation},
  title = {Schallgeschwindigkeit im Material},
  year = 2022,
  url = {https://www.olympus-ims.com/de/ndt-tutorials/thickness-gauge/appendices-velocities/},
  urldate = {2022-04-07}
}
@online{Bremsspektrum,
  author = {Nils Mosch},
  title = {Software zur Berechnung von Röntgenspektren
  mit beliebiger Spannung und Vorfilterung auf
  Basis von Rohdaten
  },
  year = 2018,
  url = {https://reposit.haw-hamburg.de/bitstream/20.500.12738/8471/1/Bachelor_Thesis_Nils_Mosch.pdf},
  urldate = {2022-04-27}
}
@online{Ekabs,
  title = {X-Ray Transition Energies Data Base},
  url = {https://physics.nist.gov/cgi-bin/XrayTrans/search.pl?element=Cu&lower=&upper=&units=eV},
  urldate = {2022-04-27}
}
@online{Torr,
  title = {Torr},
  url = {https://www.chemie.de/lexikon/Torr.html},
  urldate = {2022-05-11}
}
@online{Brechungsindex,
  titel = {Brechungsindexdatenbank},
  organization = {KLA Corporation},
  url = {https://www.filmetrics.de/refractive-index-database},
  urldate = {2022-05-17}
}
@online{Brechungsindex_Wien,
  titel = {Lichtbrechung},
  organization = {Universität Wien},
  url = {https://www.univie.ac.at/mikroskopie/1_grundlagen/optik/strahlenoptik/2_lichtbrechung.htm},
  urldate = {2022-05-24}
}
@online{Lichtfarben,
  titel = {Farbmodelle und Beschreibung},
  organization = {PCC Group},
  url = {https://www.products.pcc.eu/de/blog/wie-entstehen-farben-und-wieso-sehen-wir-sie-farbmodelle-und-ihre-beschreibung/},
  urldate = {2022-05-20}
}
@online{Zerfall,
  titel = {Das Periodensystem der Elemente online},
  url = {https://www.periodensystem-online.de/index.php?id=isotope&el=23&mz=52&show=nuklid},
  urldate = {2022-06-01}
}
@online{104iRh,
  titel = {Daten und Eigenschaften des Isotops Rh-104},
  url = {https://www.internetchemie.info/isotop.php?Kern=Rh-104#:~:text=Halbwertszeit%20HWZ%20%3D%2042%2C3(,%C3%97%20101%20Sekunden%20s.},
  urldate = {2022-06-01}
}
@online{Gestis,
	title = 	{GESTIS-Stoffdatenbank},
	url = {https://www.dguv.de/ifa/gestis/gestis-stoffdatenbank/index.jsp},
	urldate = {2022-06-10},
	organization = {Deutsche Gesetzliche Unfallversicherung e.V. (DGUV)},
}